@article{rosen2007detection,
  title={Detection of intracellular bacterial communities in human urinary tract infection},
  author={Rosen, David A and Hooton, Thomas M and Stamm, Walter E and Humphrey, Peter A and Hultgren, Scott J},
  journal={PLoS medicine},
  volume={4},
  number={12},
  pages={e329},
  year={2007},
  publisher={Public Library of Science San Francisco, USA}
}


@article{kotula2014programmable,
  title={Programmable bacteria detect and record an environmental signal in the mammalian gut},
  author={Kotula, Jonathan W and Kerns, S Jordan and Shaket, Lev A and Siraj, Layla and Collins, James J and Way, Jeffrey C and Silver, Pamela A},
  journal={Proceedings of the National Academy of Sciences},
  volume={111},
  number={13},
  pages={4838--4843},
  year={2014},
  publisher={National Acad Sciences}
}

@article{lloyd2007defining,
  title={Defining genomic islands and uropathogen-specific genes in uropathogenic Escherichia coli},
  author={Lloyd, Amanda L and Rasko, David A and Mobley, Harry LT},
  journal={Journal of bacteriology},
  volume={189},
  number={9},
  pages={3532--3546},
  year={2007},
  publisher={Am Soc Microbiol}
}


@article{bleibtreu2014rpos,
  title={The rpoS gene is predominantly inactivated during laboratory storage and undergoes source-sink evolution in Escherichia coli species},
  author={Bleibtreu, Alexandre and Clermont, Olivier and Darlu, Pierre and Glodt, J{\'e}r{\'e}my and Branger, Catherine and Picard, Bertrand and Denamur, Erick},
  journal={Journal of bacteriology},
  volume={196},
  number={24},
  pages={4276--4284},
  year={2014},
  publisher={Am Soc Microbiol}
}

@article{jakobsen2020ciprofloxacin,
  title={Ciprofloxacin pharmacokinetics/pharmacodynamics against susceptible and low-level resistant Escherichia coli isolates in an experimental ascending urinary tract infection model in mice},
  author={Jakobsen, Lotte and Lundberg, Carina Vingsbro and Frimodt-M{\o}ller, Niels},
  journal={Antimicrobial Agents and Chemotherapy},
  volume={65},
  number={1},
  pages={10--1128},
  year={2020},
  publisher={Am Soc Microbiol}
}


@article{amoura2024variability,
  title={Variability in cell division among anatomical sites shapes Escherichia coli antibiotic survival in a urinary tract infection mouse model},
  author={Amoura, Ariane and Pistien, Claire and Chalign{\'e}, Camille and Dion, Sara and Magnan, M{\'e}lanie and Bridier-Nahmias, Antoine and Baron, Alexandra and Chau, Fran{\c{c}}oise and Bourgogne, Emmanuel and Le, Minh and others},
  journal={Cell Host \& Microbe},
  year={2024},
  publisher={Elsevier}
}

@article{labat2005mutator,
  title={Mutator phenotype confers advantage in Escherichia coli chronic urinary tract infection pathogenesis},
  author={Labat, Francoise and Pradillon, Olivier and Garry, Louis and Peuchmaur, Michel and Fantin, Bruno and Denamur, Erick},
  journal={FEMS Immunology \& Medical Microbiology},
  volume={44},
  number={3},
  pages={317--321},
  year={2005},
  publisher={Blackwell Publishing Ltd Oxford, UK}
}



@article{kuhn2005maximum,
  title={Maximum likelihood estimation in nonlinear mixed effects models},
  author={Kuhn, Estelle and Lavielle, Marc},
  journal={Computational statistics \& data analysis},
  volume={49},
  number={4},
  pages={1020--1038},
  year={2005},
  publisher={Elsevier}
}


@article{samson2006extension,
  title={Extension of the SAEM algorithm to left-censored data in nonlinear mixed-effects model: Application to HIV dynamics model},
  author={Samson, Adeline and Lavielle, Marc and Mentr{\'e}, France},
  journal={Computational Statistics \& Data Analysis},
  volume={51},
  number={3},
  pages={1562--1574},
  year={2006},
  publisher={Elsevier}
}

@article{jakobsen2020ciprofloxacin,
  title={Ciprofloxacin pharmacokinetics/pharmacodynamics against susceptible and low-level resistant Escherichia coli isolates in an experimental ascending urinary tract infection model in mice},
  author={Jakobsen, Lotte and Lundberg, Carina Vingsbro and Frimodt-M{\o}ller, Niels},
  journal={Antimicrobial Agents and Chemotherapy},
  volume={65},
  number={1},
  pages={10--1128},
  year={2020},
  publisher={Am Soc Microbiol}
}



@article{allen2018bacterial,
	title={Bacterial growth: a statistical physicistâ€™s guide},
	author={Allen, Rosalind J and Waclaw, Bartlomiej},
	journal={Reports on Progress in Physics},
	volume={82},
	number={1},
	pages={016601},
	year={2018},
	publisher={IOP Publishing}
}
